% Encoding: UTF-8

@Misc{ibge2017a,
  author = {IBGE},
  title  = {IBGE | Cidades | São Paulo | Praia Grande},
  year   = {2017},
  date   = {2017-10-02},
  url    = {http://cod.ibge.gov.br/2V6UW},
}

@Misc{atlas2017a,
  author   = {PNUD-IPEA},
  title    = {Atlas do Desenvolvimento Humano no Brasil},
  year     = {2017},
  date     = {2017-10-02},
  url      = {http://www.atlasbrasil.org.br/2013/pt/perfil_m/praia-grande_sp},
  subtitle = {Praia Grande, SP},
}

@Thesis{imario2008a,
  author    = {Imário Vieira},
  title     = {Turismo de segunda residência em Praia Grande (SP)},
  school    = {FFLCH, USP},
  year      = {2008},
  type      = {Tese de Mestrado},
  address   = {São Paulo},
  abstract  = {A presente dissertação analisa o fenômeno do turismo de segunda residência sob o prisma da geografia humana e histórica da cidade de Praia Grande e sua inserção no turismo, produção do espaço e segunda residência. O objetivo desta pesquisa é o de analisar o processo histórico da urbanização de Praia Grande, desde a época em que ainda fazia parte de São Vicente e entender como se deu a produção do espaço amparada pelo turismo de segunda residência. O procedimento metodológico utilizado procurou entender os fatos, as políticas públicas e as ações que levaram às transformações, crescimento e desenvolvimento de Praia Grande do início do século passado até os dias atuais. Os resultados desta pesquisa mostram como se deu a descoberta da atividade turística desta estância balneária, pertencente à Região Metropolitana da Baixada Santista (RMBS), que vem despertando o interesse dos mais variados segmentos da sociedade, sejam eles, das áreas da construção civil, planejamento, investimentos, comércio, dentre outros. Por conta disso, constatamos um abrupto crescimento e desenvolvimento desta estância balneária com mudanças paisagísticas e investimentos na sua infra-estrutura, que em seu bojo, trouxeram mais recursos e investimentos para esta cidade média paulista.},
  timestamp = {2017-10-02},
  url       = {http://www.teses.usp.br/teses/disponiveis/8/8136/tde-15032011-152450/pt-br.php},
}

@Misc{emplasa2017a,
  author = {EMPLASA},
  title  = {Região Metropolitana da Baixada Santista},
  year   = {2017},
  date   = {2017-10-09},
  url    = {https://www.emplasa.sp.gov.br/RMBS},
}

@Misc{secplan2016a,
  author = {{BRASIL, SECPLAN/Prefeitura da Estância Balneária de Praia Grande}},
  title  = {Distâncias rodoviárias (da Capital e municípios da RMBS) em relação à Praia Grande},
  year   = {2016},
  date   = {2017-10-09},
  url    = {http://www.praiagrande.sp.gov.br/planmobpg/documento/TB_2_DISTANCIAS%20RODOVIARIAS.pdf},
}

@Misc{ibge2017b,
  author = {IBGE},
  title  = {IBGE | Cidades | São Paulo | Praia Grande | Economia},
  year   = {2017},
  date   = {2017-10-09},
  url    = {http://cod.ibge.gov.br/2WE5N},
}

@Misc{seade2017a,
  author = {{Fundação SEADE}},
  title  = {IMP - Informações dos Municípios Paulistas},
  year   = {2017},
  date   = {2017-10-09},
  url    = {http://www.imp.seade.gov.br/frontend/#/tabelas},
}

@Misc{ssrh2017a,
  author = {{BRASIL, Governo do Estado de São Paulo, SSRH/SigRH}},
  title  = {DELIBERAÇÃO CBH-BS Nº 09/98, DE 16/07/98},
  year   = {2017},
  date   = {2017-10-09},
  url    = {http://www.sigrh.sp.gov.br/cbhbs/estatuto},
}

@Manual{fcth2015a,
  author   = {FCTH},
  editor   = {PMPG},
  title    = {Plano Diretor de Drenagem e Manejo de Águas Pluviais de Praia Grande},
  year     = {2015},
  date     = {2017-10-09},
  subtitle = {Manual de Drenagem Urbana},
  version  = {RP07-1122-15 R1},
  note     = {Volume 7, Revisão 1},
  pages    = {207},
  url      = {http://www.praiagrande.sp.gov.br/arquivos/leisdecretos/Lei_N1823_16.pdf},
  address  = {Praia Grande},
}

@Article{Souza2012a,
  author        = {Souza, Tissiana Almeida AND Cunha, Cenira Maria Lupinacci},
  title         = {Análise dos atributos físico-ambientais do município de Praia Grande-SP},
  journal       = {{Sociedade \& Natureza}},
  year          = {2012},
  date          = {2017-10-09},
  language      = {pt},
  volume        = {24},
  month         = {08},
  pages         = {303 - 318},
  issn          = {1982-4513},
  url           = {http://www.scielo.br/scielo.php?script=sci_arttext&pid=S1982-45132012000200010&nrm=iso},
  __markedentry = {[caio:]},
  publisher     = {scielo},
}

@Misc{florestal2017a,
  author = {{AEP-Instituto Florestal}},
  title  = {Áreas protegidas | Instituto Florestal},
  year   = {2017},
  date   = {2017-10-09},
  url    = {http://iflorestal.sp.gov.br/o-instituto/rbcv/areas-protegidas/},
}

@Misc{cetesb2017a,
  author = {CETESB},
  title  = {Qualidade do Ar},
  year   = {2017},
  date   = {2017-10-09},
  url    = {http://sistemasinter.cetesb.sp.gov.br/Ar/php/ar_resumo_hora.php},
}

@Misc{pmpg2017a,
  author = {{BRASIL, Prefeitura da Estância Balneária de Praia Grande}},
  title  = {PLANMOBPG},
  year   = {2017},
  date   = {2017-10-09},
  url    = {http://www.praiagrande.sp.gov.br/planmobpg/planmobpghome.asp?cd_pagina=403},
}

@Misc{pmpg2017b,
  author = {{BRASIL, Prefeitura da Estância Balneária de Praia Grande}},
  title  = {Apresentação},
  year   = {2017},
  date   = {2017-10-09},
  url    = {http://www.praiagrande.sp.gov.br/planmobpg/apresentacao.asp},
}

@Misc{pmpg2016a,
  author = {{BRASIL, Prefeitura da Estância Balneária de Praia Grande}},
  title  = {Lei Complementar Nº 727},
  year   = {2016},
  date   = {2017-10-15},
  url    = {https://goo.gl/rShGno},
}

@Misc{ls2012a,
  author = {{Litoral Sustentável}},
  title  = {Diagnóstico Urbano Socioambiental de Praia Grande},
  year   = {2012},
  date   = {2017-10-15},
  url    = {http://litoralsustentavel.org.br/diagnostico-urbano-socioambiental-de-praia-grande/},
}

@InCollection{pndu2004a,
  author    = {{BRASIL, Ministério das Cidades}},
  title     = {Cadernos Ministério das Cidades},
  booktitle = {Política Nacional de Desenvolvimento Urbano},
  year      = {2004},
  date      = {2017-10-16},
  number    = {1},
  address   = {Brasília},
}

@InCollection{pnh2004a,
  author    = {{BRASIL, Ministério das Cidades}},
  title     = {Cadernos Ministério das Cidades},
  booktitle = {Política Nacional de Habitação},
  year      = {2004},
  date      = {2017-10-16},
  number    = {4},
  address   = {Brasília},
}

@Misc{piracicabana2017a,
  author = {{Viação Piracicabana}},
  title  = {Consulta: 16/10/2017 19:36:59},
  year   = {2017},
  date   = {2017-10-16},
  url    = {http://geopg.piracicabana.com.br/},
}

@Misc{pmpg2015a,
  author = {{BRASIL, SECPLAN, Prefeitura da Estância Balneária de Praia Grande}},
  title  = {Itinerário das Linhas Municipais},
  year   = {2015},
  date   = {2017-10-09},
  url    = {http://www.praiagrande.sp.gov.br/planmobpg/documento/Itinerario%20das%20Linhas%20Municipais.pdf},
}

@Misc{gf2012a,
  author = {{BRASIL, Presidência da República}},
  title  = {LEI Nº 12.587, DE 3 DE JANEIRO DE 2012},
  year   = {2012},
  date   = {2017-10-16},
  url    = {http://www.planalto.gov.br/ccivil_03/_ato2011-2014/2012/lei/l12587.htm},
}

@Misc{gesp2001a,
  author = {{BRASIL, Governo do Estado de São Paulo, Secretaria de Estado do Governo e Gestão Estratégica}},
  title  = {DECRETO Nº 45.983, de 8 de agosto de 2001},
  year   = {2001},
  date   = {2017-10-16},
  url    = {http://www.emtu.sp.gov.br//Sistemas/legislacao/categorias/regular/2001_dec45983.htm},
}

@Article{Rolnik2000a,
  author  = {Raquel Rolnik},
  title   = {Impacto da aplicação de novos instrumentos urbanísticos em cidades do estado de São Paulo},
  journal = {Revista Brasileira de Estudos Urbanos e Regionais},
  year    = {2000},
  number  = {2},
  pages   = {73},
  issn    = {2317-1529},
  doi     = {http://dx.doi.org/10.22296/2317-1529.2000n2p73},
  url     = {http://rbeur.anpur.org.br/rbeur/article/view/38},
}

@Misc{ibge2017c,
  author = {IBGE},
  title  = {IBGE | Brasil em Síntese | São Paulo | Praia Grande | Panorama},
  year   = {2017},
  date   = {2017-11-05},
  url    = {https://cidades.ibge.gov.br/brasil/sp/praia-grande/panorama},
}

@MastersThesis{daLuz2010a,
  author    = {Luciano Ferreira {da Luz}},
  title     = {A geografia do transporte de passageiros: avaliação da modernização da CPTM e de seu papel no planejamento e na estruturação do espaço metropolitano de São Paulo},
  year      = {2010},
  url       = {http://www.teses.usp.br/teses/disponiveis/8/8136/tde-10022011-094138/pt-br.php},
  address   = {São Paulo},
  owner     = {caio},
  school    = {Faculdade de Filosofia, Letras e Ciências Humanas, Universidade de São Paulo},
  timestamp = {2016.04.10},
}

@Book{Merlin1991a,
  author    = {Pierre Merlin},
  title     = {Géographie, économie et planification des transports},
  year      = {1991},
  publisher = {Presses Universitaires de France},
  pages     = {472},
  address   = {Paris},
  owner     = {caio},
  timestamp = {2016.04.10},
}

@Misc{EMTU2017a,
  author = {BRASIL, EMTU},
  title  = {EMTU | Empreendimentos - VLT da Baixada Santista - Veículo Leve sobre Trilhos - Obras do VLT},
  year   = {2017},
  date   = {2017-11-05},
  url    = {http://www.emtu.sp.gov.br/emtu/empreendimentos/empreendimentos/vlt-da-baixada-santista-veiculo-leve-sobre-trilhos/obras-do-vlt.fss},
}

@PhdThesis{Pires2011a,
  author      = {Vitor Pires Vencovsky},
  title       = {Ferrovia e logística do agronegócio globalizado = avaliação das políticas públicas e privadas do sistema ferroviário brasileiro},
  institution = {Universidade Estadual de Campinas},
  year        = {2001},
  date        = {2017-10-29},
  note        = {Acesso em 29 out. 2017},
  pages       = {198},
  url         = {http://repositorio.unicamp.br/jspui/handle/REPOSIP/286705},
  address     = {Campinas},
  review      = {O trabalho tem como objetivo analisar as políticas públicas e privadas do sistema ferroviário a partir da organização, uso e regulação do território brasileiro. Essas políticas são condicionadas por algumas características do atual período técnico-científico e informacional, tais como o surgimento de um novo paradigma produtivo iniciado a partir da década de 1970, ampliação dos circuitos espaciais produtivos de alguns produtos agrícolas, expansão da fronteira agrícola moderna em áreas do Cerrado, consolidação de regiões produtivas de commodities distantes dos portos e desprovidos de infraestruturas adequadas de transportes e prioridade da inserção do país no mercado internacional através da exportação de produtos de baixo valor agregado e alto volume. A partir dessas novas variáveis, o território brasileiro passou a ser considerado por determinados agentes hegemônicos e pelo Estado um obstáculo para as novas exigências de fluidez e competitividade territoriais impostas pelo mercado internacional. A reativação do sistema ferroviário brasileiro, iniciada em 1996, procurou responder a essas exigências. Esse processo privilegiou, num primeiro momento, apenas uma das modalidades de transporte ferroviário, o de alto desempenho voltado para o transporte de commodities, e desconsiderou outras possibilidades, como o transporte de passageiros de longa distância, de carga geral e metropolitano de passageiros. Além disso, a partir do Programa de Aceleração do Crescimento e da atualização do Plano Nacional de Viação, fica evidente a prioridade pela expansão extravertida das novas ferrovias, visando a interligação de determinadas regiões produtivas de commodities aos portos exportadores. O traçado das ferrovias e a organização dos respectivos pátios ferroviários passam a ser funcionais a essas atividades exportadoras. Nas políticas públicas e privadas atualmente instituídas, as cidades são consideradas um obstáculo para a lógica do sistema ferroviário, já que as estações ferroviárias existentes são desativadas, demolidas ou abandonadas e os novos pátios ferroviários estão sendo construídos distantes dos centros urbanos. O BNDES tem participado decisivamente na definição e na efetivação dessas políticas, seja na realização de estudos técnicos, como na participação acionária nas empresas ferroviárias e fornecimento de financiamentos subsidiados. O trabalho apresenta algumas conclusões sobre as atuais políticas públicas e privadas do sistema ferroviário, destacando que essas estão promovendo a integração extravertida do território para atender determinadas atividades, agentes e regiões competitivas relacionadas aos circuitos espaciais da soja e minério de ferro. Enquanto isso, grande parte da sociedade permanece alheia e distante dos benefícios possibilitados pelas ferrovias},
  school      = {Instituto de Geociências},
}

@Book{Zundt2006a,
  author        = {Carlos Z{\"{u}}ndt},
  title         = {Novas metr{\'o}poles paulistas: popula{\c{c}}{\~a}o, vulnerabilidade e segrega{\c{c}}{\~a}o},
  year          = {2006},
  date          = {2017-11-05},
  publisher     = {UNICAMP},
  isbn          = {9788588258082},
  url           = {http://www.nepo.unicamp.br/publicacoes/livros/vulnerabilidade/index.htm},
  __markedentry = {[caio:6]},
  school        = {Universidade Estadual de Campinas. N{\'u}cleo de Estudos de Popula{\c{c}}{\~a}o},
}

@Misc{ssrh2017b,
  author = {{BRASIL, Governo do Estado de São Paulo, SSRH/SigRH}},
  title  = {Apresentação},
  year   = {2017},
  date   = {2017-11-05},
  url    = {http://www.sigrh.sp.gov.br/cbhbs/apresentacao},
}

@InBook{Cunha2015a,
  author     = {Tissiana de Almeida {de Souza} AND Cenira Maria Lupinacci {da Cunha}},
  title      = {Praia Grande},
  booktitle  = {Baixada Santista: uma contribuição à análise geoambiental},
  year       = {2015},
  date       = {2017-11-05},
  editor     = {Cenira Maria Lupinacci {da Cunha} AND Regina Célia {de Oliveira}},
  publisher  = {Editora UNESP},
  isbn       = {978-85-68334-55-3},
  pages      = {250},
  url        = {http://books.scielo.org/id/wg6rs},
  address    = {São Paulo},
  editortype = {Org.},
  review     = {Os ambientes litorâneos foram os primeiros ocupados pelo homem europeu no Brasil e apresentam, nos dias atuais, elevados índices de urbanização.Tais ambientes possuem elevado grau de suscetibilidade ambiental devido as suas características intrínsecas, tais como propriedades litológicas, hidrológicas, geomorfológicas, climáticas e biogeográficas. É neste contexto que se insere a região litorânea do estado de São Paulo, na qual a intensa atividade turística, os portos, as indústrias e o desenvolvimento urbano, associados a sua fragilidade, geram um alto grau de alteração. Na Baixada Santista, localizada no setor central do litoral do estado, a problemática principal relaciona-se à urbanização sobre os terrenos planos e inconsistentes da planície quaternária e sobre as vertentes íngremes dos Morros Isolados. Assim, têm-se problemas relacionados a enchentes, movimentos de massa nas encostas e instabilidade das fundações das construções. Diante desse cenário, os projetos de planejamento devem considerar que a qualidade de vida de moradores e turistas depende de ações adequadas, fundamentadas em bases sólidas de conhecimento, visando à conservação e manutenção das características ambientais. Os estudos que integram esta obra investigam as interações entre as características físicas da Baixada Santista e a ocupação desses terrenos. Ao analisar tais interações, busca-se realizar um diagnóstico das condições ambientais da Baixada Santista, apontando problemáticas ambientais municipais a serem gerenciadas pelo poder público nos processos de planejamento.},
}

@Misc{IPT2015a,
  author  = {IPT},
  editor  = {CPRM},
  title   = {Carta de suscetibilidade a movimentos gravitacionais de massa e inundações: município de Praia Grande - SP},
  year    = {2015},
  date    = {2017-11-05},
  note    = {1 mapa, color. Escala 1:25.000.},
  url     = {http://rigeo.cprm.gov.br/jspui/handle/doc/15206},
  address = {Rio de Janeiro},
}

@Misc{cetesb2017b,
  author = {CETESB},
  title  = {Mapa da Qualidade},
  year   = {2017},
  date   = {2017-11-04},
  url    = {http://cetesb.sp.gov.br/praias/mapa-da-qualidade/},
}

@Misc{gf2012b,
  author = {{BRASIL, Presidência da República}},
  title  = {LEI Nº 12.651, DE 25 DE MAIO DE 2012},
  year   = {2012},
  date   = {2017-11-05},
  url    = {http://www.planalto.gov.br/ccivil_03/_ato2011-2014/2012/lei/l12651.htm},
}

@Misc{pmpg2017c,
  author = {{BRASIL, Prefeitura da Estância Balneária de Praia Grande}},
  title  = {Gestão de Águas},
  year   = {2017},
  date   = {2017-11-05},
  url    = {http://www.praiagrande.sp.gov.br/administracao/Projeto_descricao.asp?cdSecretaria=92&cdProjeto=63},
}

@Misc{Sellis2014a,
  author = {Priscila Sellis},
  title  = {Estudo do mangue a bordo de um barco abre quinzena de capacitação ambiental},
  year   = {2014},
  date   = {2017-11-06},
  url    = {http://www.praiagrande.sp.gov.br/pgnoticias/noticias/noticia_01.asp?cod=32188},
}

@Misc{Rossi2017a,
  author = {Mariane Rossi},
  title  = {Crescimento populacional aumenta quantidade de esgoto sem tratamento em Praia Grande},
  year   = {2017},
  date   = {2017-11-06},
  url    = {https://g1.globo.com/sp/santos-regiao/noticia/crescimento-populacional-aumenta-quantidade-de-esgoto-sem-tratamento-em-praia-grande.ghtml},
}

@Misc{Carvalho2014a,
  author = {Sílvia Carvalho},
  title  = {Esgoto de Praia Grande é avaliado pela Sabesp},
  year   = {2014},
  date   = {2017-11-06},
  url    = {http://www.praiagrande.sp.gov.br/pgnoticias/noticias/noticia_01.asp?cod=32188},
}

@Misc{Sabesp2017a,
  author = {Sabesp},
  title  = {Praia Grande},
  year   = {2017},
  date   = {2017-11-06},
  url    = {http://site.sabesp.com.br/site/interna/Municipio.aspx?secaoId=18&id=573},
}

@Misc{pmpg2014a,
  author = {{BRASIL, Prefeitura da Estância Balneária de Praia Grande}},
  title  = {Plano municipal de gestão integrada de resíduos sólidos do município de Praia Grande - PGIRS},
  year   = {2014},
  date   = {2017-11-06},
  url    = {http://www.praiagrande.sp.gov.br/PGIRS_plano_municipal_de_gestao_integrada_de_residuos_solidos.pdf},
}

@Misc{pmpg2011a,
  author = {{BRASIL, Prefeitura da Estância Balneária de Praia Grande}},
  title  = {Lei Complementar Nº 615 DE 19 DE DEZEMBRO DE 2011},
  year   = {2011},
  date   = {2017-11-06},
  url    = {https://goo.gl/ZkxVkx},
}

@Misc{deMarco2015a,
  author = {Jaqueline {de Marco}},
  title  = {Rapa Treco tem novo cronograma de atividade},
  year   = {2015},
  date   = {2017-11-06},
  url    = {http://www.praiagrande.sp.gov.br/pgnoticias/noticias/noticia_01.asp?cod=37660},
}

@Misc{pmpg2017d,
  author   = {{BRASIL, Prefeitura da Estância Balneária de Praia Grande}},
  title    = {Secretaria de Serviços Urbanos},
  year     = {2017},
  date     = {2017-11-06},
  subtitle = {Eco Ponto},
  url      = {http://www.praiagrande.sp.gov.br/administracao/Projeto_descricao.asp?cdSecretaria=72&cdProjeto=23},
}

@Misc{pmpg2017e,
  author   = {{BRASIL, Prefeitura da Estância Balneária de Praia Grande}},
  title    = {Secretaria de Meio Ambiente},
  year     = {2017},
  date     = {2017-11-06},
  subtitle = {Esgoto Certo},
  url      = {http://www.praiagrande.sp.gov.br/administracao/Projeto_descricao.asp?cdSecretaria=92&cdProjeto=67},
}

@Misc{pmpg2017f,
  author   = {{BRASIL, Prefeitura da Estância Balneária de Praia Grande}},
  title    = {Secretaria de Meio Ambiente},
  year     = {2017},
  date     = {2017-11-06},
  subtitle = {Gestão de Águas},
  url      = {http://www.praiagrande.sp.gov.br/administracao/Projeto_descricao.asp?cdSecretaria=92&cdProjeto=63},
}

@Misc{pmpg2017g,
  author   = {{BRASIL, Prefeitura da Estância Balneária de Praia Grande}},
  title    = {Secretaria de Meio Ambiente},
  year     = {2017},
  date     = {2017-11-06},
  subtitle = {Onda Limpa},
  url      = {http://www.praiagrande.sp.gov.br/administracao/Projeto_descricao.asp?cdSecretaria=92&cdProjeto=68},
}

@Misc{pmpg2017h,
  author   = {{BRASIL, Prefeitura da Estância Balneária de Praia Grande}},
  title    = {Secretaria de Transportes},
  year     = {2017},
  date     = {2017-11-06},
  subtitle = {Atribuições},
  url      = {http://www.praiagrande.sp.gov.br/administracao/secretaria_atribuicao.asp?cdSecretaria=95},
}

@Misc{pmpg2017i,
  author   = {{BRASIL, Prefeitura da Estância Balneária de Praia Grande}},
  title    = {Secretaria de Transportes},
  year     = {2017},
  date     = {2017-11-06},
  subtitle = {Corredor de ônibus},
  url      = {http://www.praiagrande.sp.gov.br/administracao/Projeto_descricao.asp?cdSecretaria=95&cdProjeto=33},
}

@Misc{pmpg2017j,
  author   = {{BRASIL, Prefeitura da Estância Balneária de Praia Grande}},
  title    = {Secretaria de Habitação},
  year     = {2017},
  date     = {2017-11-06},
  subtitle = {Programa Dono do lote},
  url      = {http://www.praiagrande.sp.gov.br/administracao/Projeto_descricao.asp?cdSecretaria=93&cdProjeto=46},
}

@Misc{pmpg2017k,
  author   = {{BRASIL, Prefeitura da Estância Balneária de Praia Grande}},
  title    = {Secretaria de Urbanismo},
  year     = {2017},
  date     = {2017-11-06},
  subtitle = {Gestão da Orla},
  url      = {http://www.praiagrande.sp.gov.br/administracao/comissao_gestora_orla.asp?cdSecretaria=81},
}

@Misc{agem2015a,
  author    = {{A Tribuna de Santos}},
  title     = {Urbanização da orla de Praia Grande gera expansão},
  year      = {2015},
  date      = {2017-11-06},
  url       = {http://www.agem.sp.gov.br/urbanizacao-da-orla-de-praia-grande-gera-expansao/},
  publisher = {AGEMBS},
}

@Misc{Lima2008a,
  author    = {Rejane Lima},
  title     = {Turista foge da falta de água em Praia Grande},
  year      = {2008},
  date      = {2017-11-06},
  url       = {http://brasil.estadao.com.br/noticias/geral,turista-foge-da-falta-de-agua-em-praia-grande,103277},
  publisher = {AGEMBS},
}

@Misc{Sabesp2017b,
  author = {Sabesp},
  title  = {Governador Geraldo Alckmin inaugura reservatório de água em Praia Grande},
  year   = {2017},
  date   = {2017-11-06},
  url    = {http://site.sabesp.com.br/site/imprensa/noticias-detalhe.aspx?secaoId=65&id=7333},
}

@Misc{pmpg2014b,
  author   = {Paola Vieira},
  title    = {Secretarias conhecem projeto de shopping no bairro Mirim},
  year     = {2014},
  date     = {2017-11-06},
  subtitle = {Complexo de múltiplo uso deverá abrigar shopping, hotéis e escritórios},
  url      = {http://www.praiagrande.sp.gov.br/administracao/comissao_gestora_orla.asp?cdSecretaria=81},
}

@Misc{gesp1979a,
  author = {BRASIL, Governo do Estado de São Paulo},
  title  = {LEI N. 2.140, DE 18 DE OUTUBRO DE 1979},
  year   = {1979},
  date   = {2017-11-05},
  url    = {https://www.al.sp.gov.br/repositorio/legislacao/lei/1979/lei-2140-18.10.1979.html},
}

@Book{agem2002a,
  author         = {AGEM; UNIMONTE},
  title          = {Plano Diretor de Turismo da Baixada Santista},
  year           = {2002},
  date           = {2017-11-06},
  maintitleaddon = {Diagnóstico - parte 2},
  url            = {http://www.agem.sp.gov.br/portfolio/pdturbs/},
}

@Misc{atribuna2017a,
  author   = {{A Tribuna On-line}},
  title    = {Salão do Imóvel de Praia Grande começa nesta quinta-feira},
  year     = {2017},
  date     = {2017-11-06},
  subtitle = {Segundo pesquisas, 7 em cada 10 compradores da Baixada Santista pretendem fixar residência na Cidade},
  url      = {http://www.atribuna.com.br/noticias/noticias-detalhe/praia-grande/salao-do-imovel-de-praia-grande-comeca-nesta-quinta-feira-1/?cHash=46db70b51427ae7ace6c254db5a4793b},
}

@Book{Polis2013b,
  author     = {Instituto Pólis},
  title      = {Diagnóstico Urbano Socioambiental | Município de Praia Grande},
  year       = {2013},
  date       = {2017-11-06},
  titleaddon = {Convênio Petrobras Instituto Pólis | Relatório no. 6},
  part       = {2},
  pagetotal  = {153},
  url        = {http://litoralsustentavel.org.br/wp-content/uploads/2013/04/Praia-Grande-2.pdf},
}

@Misc{pata2017a,
  author = {pata, Post advertising technology agency},
  title  = {Mapa interativo de distribuição racial no Brasil},
  year   = {2017},
  date   = {2017-11-06},
  url    = {http://patadata.org/maparacial/#lat=-87.913036&lon=87.078908&z=12&o=t},
}

@Misc{Datapedia2017a,
  author = {Datapedia},
  title  = {Distribuição percentual por classes de rendimento mensal de pessoas por domicílios (2010)},
  year   = {2017},
  date   = {2017-11-06},
  url    = {https://datapedia.info/public/cidade/1131/sp/praia-grande#renda-distribuicao},
}

@Misc{Incipar2017a,
  author = {Incipar},
  title  = {Complexo Empresarial Andaraguá},
  year   = {2017},
  date   = {2017-11-06},
  url    = {http://www.icipar.com.br/website/v1/projeto-andaragua/projeto.aspx},
}

@Misc{pmpg2017l,
  author   = {{BRASIL, Prefeitura da Estância Balneária de Praia Grande}},
  title    = {Praia Grande é selecionada para construção de 972 moradias},
  year     = {2017},
  date     = {2017-12-03},
  subtitle = {Com terrenos doados pela Prefeitura, unidades habitacionais serão construídas em diversos bairros da Cidade},
  url      = {http://www.praiagrande.sp.gov.br/administracao/comissao_gestora_orla.asp?cdSecretaria=81},
}

@Book{Polis2013a,
  author     = {Instituto Pólis},
  title      = {Diagnóstico Urbano Socioambiental | Município de Praia Grande},
  year       = {2013},
  date       = {2017-11-06},
  titleaddon = {Convênio Petrobras Instituto Pólis | Relatório no. 6},
  part       = {1},
  pagetotal  = {153},
  url        = {http://litoralsustentavel.org.br/wp-content/uploads/2013/04/Praia-Grande-1.pdf},
}

@Article{rufino2015,
  author  = {Klintowitz, Danielle and Rufino, Maria Beatriz Cruz},
  title   = {A produ{\c{c}}ão do programa Minha Casa Minha Vida na regi{\~a}o metropolitana da Baixada Santista: reafirma{\c{c}}{\~a}o da configura{\c{c}}{\~a}o metropolitana e exclus{\~a}o socioterritorial},
  year    = {2015},
  volume  = {29},
  number  = {3},
  pages   = {19},
  issn    = {2237-4418},
  url     = {https://revistas.pucsp.br/index.php/pensamentorealidade/article/view/21511},
  journal = {Pensamento \& Realidade. Revista do Programa de Estudos P{\'o}s-Graduados em Administra{\c{c}}{\~a}o-FEA. ISSN 2237-4418},
}

@Misc{fjp2013,
  author  = {{Funda{\c{c}}{\~a}o Jo{\~a}o Pinheiro}},
  title   = {Déficit habitacional municipal no Brasil},
  year    = {2013},
  address = {Belo Horizonte},
}

@Book{amore2015,
  author    = {AMORE, Caio Santo and SHIMBO, L{\'u}cia Zanin and RUFINO, Maria Beatriz Cruz},
  title     = {Minha casa... e a cidade?},
  year      = {2015},
  date      = {2017-12-03},
  subtitle  = {Avalia{\c{c}}{\~a}o do programa Minha Casa Minha Vida em seis estados brasileiros},
  edition   = {1},
  publisher = {Letra Capital},
  isbn      = {9788577853779},
  pagetotal = {428},
  url       = {http://www.observatoriodasmetropoles.net/images/abook_file/mcmv_nacional2015.pdf},
  address   = {Rio de Janeiro},
  journal   = {Rio de Janeiro: Letra Capital},
}

@Misc{pmpg2011b,
  author = {{BRASIL, Prefeitura da Estância Balneária de Praia Grande}},
  title  = {Lei Nº 1547 DE 14 DE ABRIL DE 2011},
  year   = {2011},
  date   = {2017-12-03},
  url    = {https://goo.gl/puRz3i},
}

@Comment{jabref-meta: databaseType:biblatex;}
